<?xml version="1.0" encoding="UTF-8"?><collection xmlns="http://www.loc.gov/MARC21/slim"><record><leader>00469nam--2200145-i-4500</leader><controlfield tag="001">000023936</controlfield><controlfield tag="002">20161230</controlfield><controlfield tag="005">20161230201035</controlfield><controlfield tag="008">060222s1000------------r-----000-0-eng-d</controlfield><datafield ind1=" " ind2=" " tag="080"><subfield code="a">548.7:538.955(043)</subfield></datafield><datafield ind1=" " ind2=" " tag="100"><subfield code="a">Hohler, Bernd</subfield></datafield><datafield ind1=" " ind2=" " tag="245"><subfield code="a">Magnetische naachwirkung von wasserstoff und deuterium in ferromagnetischen, flachenzentrierten legierungen der ubergangsmetalle</subfield></datafield><datafield ind1=" " ind2=" " tag="260"><subfield code="a">Stuttgart, Univ., Fak. Physik,  1979, 208p</subfield></datafield><datafield ind1=" " ind2=" " tag="490"><subfield code="a">Dissertation</subfield></datafield><datafield ind1=" " ind2=" " tag="852"><subfield code="a">47392</subfield></datafield></record></collection>